<?xml version="1.0" encoding="UTF-8"?><collection xmlns="http://www.loc.gov/MARC21/slim"><record><leader>00414nam--2200121-i-4500</leader><controlfield tag="001">000003819</controlfield><controlfield tag="002">20161230</controlfield><controlfield tag="005">20161230201025</controlfield><controlfield tag="008">060222s1000------------r-----000-0-eng-d</controlfield><datafield ind1=" " ind2=" " tag="080"><subfield code="a">66.O2/08.OO1</subfield></datafield><datafield ind1=" " ind2=" " tag="245"><subfield code="a">Calcularea, construirea si studiul aparatelor si masinilor pentru industria chimica.redacto r n.a. dollejal si i.m. naidici</subfield></datafield><datafield ind1=" " ind2=" " tag="260"><subfield code="a">Bucuresti, Institutul De Documentare Tehnica , 1950.109 P</subfield></datafield><datafield ind1=" " ind2=" " tag="852"><subfield code="a">26179</subfield></datafield></record></collection>